<record><leader>02747cam a2200433 i 4500</leader><controlfield tag="001">6760168</controlfield><controlfield tag="003">OCoLC</controlfield><controlfield tag="005">20141204101236.0</controlfield><controlfield tag="008">140304s2015    nyua     b    001 0 eng  </controlfield><datafield ind1=" " ind2=" " tag="010"><subfield code="a">  2013050191</subfield></datafield><datafield ind1="7" ind2=" " tag="016"><subfield code="a">016775813</subfield><subfield code="2">Uk</subfield></datafield><datafield ind1=" " ind2=" " tag="020"><subfield code="a">9780415711852 (hardback)</subfield></datafield><datafield ind1=" " ind2=" " tag="020"><subfield code="a">0415711851 (hardback)</subfield></datafield><datafield ind1=" " ind2=" " tag="020"><subfield code="a">041571186X (paperback)</subfield></datafield><datafield ind1=" " ind2=" " tag="020"><subfield code="a">9780415711869 (paperback)</subfield></datafield><datafield ind1=" " ind2=" " tag="020"><subfield code="z">9781305884301 (ebk.)</subfield></datafield><datafield ind1=" " ind2=" " tag="035"><subfield code="a">ocn866614690</subfield></datafield><datafield ind1=" " ind2=" " tag="040"><subfield code="a">DLC</subfield><subfield code="b">eng</subfield><subfield code="e">rda</subfield><subfield code="c">DLC</subfield><subfield code="d">YDX</subfield><subfield code="d">BTCTA</subfield><subfield code="d">YDXCP</subfield><subfield code="d">UKMGB</subfield><subfield code="d">STF</subfield><subfield code="d">OCLCF</subfield><subfield code="d">NAM</subfield><subfield code="d">UAB</subfield><subfield code="d">UAB</subfield></datafield><datafield ind1=" " ind2=" " tag="042"><subfield code="a">pcc</subfield></datafield><datafield ind1=" " ind2=" " tag="043"><subfield code="a">n-us---</subfield></datafield><datafield ind1="0" ind2="0" tag="050"><subfield code="a">LB1715</subfield><subfield code="b">.M776 2015</subfield></datafield><datafield ind1="0" ind2="0" tag="082"><subfield code="a">370.71/1</subfield><subfield code="2">23</subfield></datafield><datafield ind1=" " ind2=" " tag="084"><subfield code="a">EDU007000</subfield><subfield code="a">EDU040000</subfield><subfield code="a">EDU046000</subfield><subfield code="2">bisacsh</subfield></datafield><datafield ind1=" " ind2=" " tag="090"><subfield code="a">LB 1715 M776 2015</subfield><subfield code="b">AEU</subfield></datafield><datafield ind1="1" ind2=" " tag="100"><subfield code="a">Murray, Olivia Jo,</subfield><subfield code="e">author.</subfield></datafield><datafield ind1="1" ind2="0" tag="245"><subfield code="a">Queer inclusion in teacher education :</subfield><subfield code="b">bridging theory, research, and practice /</subfield><subfield code="c">Olivia J. Murray.</subfield></datafield><datafield ind1=" " ind2="1" tag="264"><subfield code="a">New York :</subfield><subfield code="b">Routledge, Taylor &amp; Francis Group,</subfield><subfield code="c">2015.</subfield></datafield><datafield ind1=" " ind2=" " tag="300"><subfield code="a">xv, 235 pages :</subfield><subfield code="b">illustrations ;</subfield><subfield code="c">23 cm</subfield></datafield><datafield ind1=" " ind2=" " tag="336"><subfield code="a">text</subfield><subfield code="2">rdacontent</subfield></datafield><datafield ind1=" " ind2=" " tag="337"><subfield code="a">unmediated</subfield><subfield code="2">rdamedia</subfield></datafield><datafield ind1=" " ind2=" " tag="338"><subfield code="a">volume</subfield><subfield code="2">rdacarrier</subfield></datafield><datafield ind1=" " ind2=" " tag="504"><subfield code="a">Includes bibliographical references and index.</subfield></datafield><datafield ind1=" " ind2=" " tag="520"><subfield code="a">"Queer Inclusion in Teacher Education explores the challenges and promises of building queer inclusive pedagogy and curriculum into teacher education. Weaving together theory, research findings, and practical "how-to" strategies and materials, it fills an important gap by offering a clear roadmap and resources for influencing the knowledge, beliefs, and actions of faculty working with pre-service teachers. While the book has implications for policy change, most immediately, readers will feel empowered with ideas for faculty development they can implement in their own teacher education programs. Looking at both the politics and practices of teacher education and the ways in which queer issues manifest in schools, it is hopeful in suggesting that if teachers and pre-service teachers can critically reflect on homophobia and heteronormativity, they can begin to think about and relate to queer youth in a different, more positive and inclusive way. A Companion Website [http://queerinclusion.com] with additional activities and materials for teacher educators and faculty development and a practical guide enhances the usefulness of the book"--</subfield><subfield code="c">Provided by publisher.</subfield></datafield><datafield ind1=" " ind2=" " tag="596"><subfield code="a">41</subfield></datafield><datafield ind1=" " ind2="0" tag="650"><subfield code="a">Teachers</subfield><subfield code="x">Training of</subfield><subfield code="z">United States.</subfield></datafield><datafield ind1=" " ind2="0" tag="650"><subfield code="a">Homosexuality and education</subfield><subfield code="z">United States.</subfield></datafield><datafield ind1=" " ind2="0" tag="650"><subfield code="a">Inclusive education</subfield><subfield code="z">United States.</subfield></datafield><datafield ind1=" " ind2=" " tag="949"><subfield code="a">LB 1715 M776 2015</subfield><subfield code="c">1</subfield><subfield code="h">UAED-B</subfield><subfield code="i">0162035203239</subfield></datafield><datafield ind1=" " ind2=" " tag="926"><subfield code="a">LB 1715 M776 2015</subfield><subfield code="w">LC</subfield><subfield code="c">1</subfield><subfield code="i">0162035203239</subfield><subfield code="d">9/29/2016</subfield><subfield code="e">5/26/2016</subfield><subfield code="l">FLOOR_2</subfield><subfield code="m">UAEDUC</subfield><subfield code="n">7</subfield><subfield code="p">$150.00</subfield><subfield code="r">Y</subfield><subfield code="s">Y</subfield><subfield code="t">BOOK</subfield><subfield code="u">12/18/2014</subfield></datafield></record>